<?xml version = "1.0" encoding = "UTF-8"?><OAI-PMH xmlns="http://www.openarchives.org/OAI/2.0/" xmlns:xsi="http://www.w3.org/2001/XMLSchema-instance" xsi:schemaLocation="http://www.openarchives.org/OAI/2.0/ http://www.openarchives.org/OAI/2.0/OAI-PMH.xsd"><ListRecords><record><header><identifier>aleph-publish:013455509</identifier></header><metadata><record xmlns="http://www.ddb.de/professionell/mabxml/mabxml-1.xsd"><leader>00000nM2.01200024------h</leader><controlfield tag="LDR">00000nM2.01200024------h</controlfield><controlfield tag="FMT">MH</controlfield><datafield tag="001" ind1="-" ind2="1"><subfield code="a">HT014326554</subfield></datafield><datafield tag="002" ind1="a" ind2="1"><subfield code="a">20050323</subfield></datafield><datafield tag="003" ind1="-" ind2="1"><subfield code="a">20221031193400.0</subfield></datafield><datafield tag="020" ind1="a" ind2="1"><subfield code="a">2182368-6</subfield><subfield code="b">DNB</subfield></datafield><datafield tag="025" ind1="z" ind2="1"><subfield code="a">2182368-6</subfield></datafield><datafield tag="025" ind1="a" ind2="1"><subfield code="a">027245217</subfield></datafield><datafield tag="025" ind1="o" ind2="1"><subfield code="a">162210024</subfield></datafield><datafield tag="026" ind1="-" ind2="1"><subfield code="a">ZDB2182368-6</subfield></datafield><controlfield tag="030">a||u|||||||27</controlfield><datafield tag="036" ind1="a" ind2="1"><subfield code="a">XA-DE</subfield></datafield><datafield tag="037" ind1="b" ind2="1"><subfield code="a">ger</subfield></datafield><controlfield tag="050">||||||||g|||||</controlfield><controlfield tag="052">p||||||aa||||||</controlfield><datafield tag="060" ind1="-" ind2="1"><subfield code="b">txt</subfield><subfield code="a">Text</subfield></datafield><datafield tag="061" ind1="-" ind2="1"><subfield code="b">c</subfield><subfield code="a">Computermedien</subfield></datafield><datafield tag="062" ind1="-" ind2="1"><subfield code="b">cr</subfield><subfield code="a">Online-Ressource</subfield></datafield><datafield tag="064" ind1="a" ind2="1"><subfield code="a">Zeitschrift</subfield><subfield code="9">(DE-588)4067488-5</subfield></datafield><datafield tag="064" ind1="a" ind2="1"><subfield code="a">Haushaltsplan</subfield><subfield code="9">(DE-588)4072349-5</subfield></datafield><datafield tag="070" ind1="-" ind2="1"><subfield code="a">0026</subfield></datafield><datafield tag="070" ind1="a" ind2="1"><subfield code="a">DNB</subfield></datafield><datafield tag="070" ind1="b" ind2="1"><subfield code="a">9001</subfield></datafield><datafield tag="076" ind1="c" ind2="1"><subfield code="a">ha</subfield></datafield><datafield tag="078" ind1="z" ind2="1"><subfield code="a">lzZDB</subfield></datafield><datafield tag="078" ind1="n" ind2="1"><subfield code="a">NWBib-61</subfield></datafield><datafield tag="078" ind1="r" ind2="1"><subfield code="a">epfl-61</subfield></datafield><datafield tag="200" ind1="-" ind2="1"><subfield code="g">Nordrhein-Westfalen</subfield><subfield code="9">(DE-588)4042570-8</subfield></datafield><datafield tag="201" ind1="-" ind2="1"><subfield code="g">Nord-Westphalie</subfield></datafield><datafield tag="201" ind1="-" ind2="1"><subfield code="g">Norte-Westfalia</subfield></datafield><datafield tag="201" ind1="-" ind2="1"><subfield code="g">NRW</subfield></datafield><datafield tag="201" ind1="-" ind2="1"><subfield code="g">North Rhine-Westphalia</subfield></datafield><datafield tag="201" ind1="-" ind2="1"><subfield code="g">NW</subfield></datafield><datafield tag="201" ind1="-" ind2="1"><subfield code="g">Noordrijn-Westfalen</subfield></datafield><datafield tag="201" ind1="-" ind2="1"><subfield code="g">North-Rhine/Westphalia</subfield></datafield><datafield tag="201" ind1="-" ind2="1"><subfield code="g">Land Nordrhein-Westfalen</subfield></datafield><datafield tag="204" ind1="b" ind2="1"><subfield code="k">Nordrhein-Westfalen</subfield><subfield code="b">Finanzministerium</subfield><subfield code="4">isb</subfield><subfield code="3">Herausgebendes Organ</subfield><subfield code="9">(DE-588)10030850-8</subfield></datafield><datafield tag="205" ind1="-" ind2="1"><subfield code="k">Finanzministerium NRW</subfield></datafield><datafield tag="205" ind1="-" ind2="1"><subfield code="k">Finanzministerium</subfield><subfield code="h">Nordrhein-Westfalen</subfield></datafield><datafield tag="331" ind1="-" ind2="1"><subfield code="a">Haushaltsplan</subfield></datafield><datafield tag="333" ind1="-" ind2="1"><subfield code="a">NRW</subfield></datafield><datafield tag="359" ind1="-" ind2="1"><subfield code="a">Finanzministerium des Landes Nordrhein-Westfalen</subfield></datafield><datafield tag="370" ind1="a" ind2="1"><subfield code="a">Haushaltsgesetz</subfield></datafield><datafield tag="370" ind1="a" ind2="1"><subfield code="a">Haushaltspläne</subfield></datafield><datafield tag="375" ind1="e" ind2="1"><subfield code="a">Haushaltspläne online</subfield><subfield code="f">Nebent. anfangs</subfield></datafield><datafield tag="405" ind1="-" ind2="1"><subfield code="a">Nachgewiesen 1998 - 2003; 2004/05; 2006 -</subfield></datafield><datafield tag="406" ind1="a" ind2="1"><subfield code="j">1998</subfield><subfield code="k">2003</subfield></datafield><datafield tag="406" ind1="a" ind2="1"><subfield code="j">2004/05</subfield></datafield><datafield tag="406" ind1="b" ind2="1"><subfield code="j">2006</subfield></datafield><datafield tag="419" ind1="-" ind2="1"><subfield code="a">Düsseldorf</subfield><subfield code="b">Finanzministerium</subfield><subfield code="c">1998-</subfield><subfield code="A">3</subfield></datafield><datafield tag="425" ind1="b" ind2="1"><subfield code="a">1998</subfield></datafield><datafield tag="433" ind1="-" ind2="1"><subfield code="a">Online-Ressource</subfield></datafield><datafield tag="501" ind1="-" ind2="1"><subfield code="a">Frühere Jahrgänge online nicht mehr verfügbar. - Gesehen am 12.03.14</subfield></datafield><datafield tag="505" ind1="-" ind2="1"><subfield code="p">Nebent.:</subfield><subfield code="a">Haushaltspläne</subfield></datafield><datafield tag="521" ind1="-" ind2="1"><subfield code="a">Inhaltl. Gliederung in Haushaltsgesetz u. Einzelpläne</subfield></datafield><datafield tag="537" ind1="-" ind2="1"><subfield code="a">HZV!URL-Ä(15-08-08)464!URL-Ä(16-05-11)</subfield></datafield><datafield tag="552" ind1="b" ind2="1"><subfield code="a">urn:nbn:de:hbz:061:3-17116</subfield></datafield><datafield tag="655" ind1="e" ind2="1"><subfield code="u">https://nbn-resolving.org/urn:nbn:de:hbz:061:3-17116</subfield><subfield code="x">Resolving-System</subfield><subfield code="A">0</subfield></datafield><datafield tag="655" ind1="e" ind2="1"><subfield code="u">http://www.haushalt.fm.nrw.de/daten/html/hhp.html</subfield><subfield code="x">Verlag; 2002 -</subfield><subfield code="z">kostenfrei</subfield><subfield code="A">0</subfield></datafield><datafield tag="655" ind1="e" ind2="1"><subfield code="u">http://www.bibliothek.uni-regensburg.de/ezeit/?2182368</subfield><subfield code="x">EZB</subfield><subfield code="A">0</subfield></datafield><datafield tag="700" ind1="-" ind2="1"><subfield code="a">330</subfield><subfield code="2">ZDB</subfield></datafield><datafield tag="700" ind1="n" ind2="1"><subfield code="a">Nordrhein-Westfalen</subfield><subfield code="0">https://nwbib.de/spatial#N01</subfield></datafield><datafield tag="700" ind1="n" ind2="1"><subfield code="a">Öffentlicher Haushalt</subfield><subfield code="0">https://nwbib.de/subjects#N424000</subfield></datafield><datafield tag="776" ind1="-" ind2="1"><subfield code="i">Druckausg.</subfield><subfield code="a">Nordrhein-Westfalen</subfield><subfield code="t">Haushaltsplan / Nordrhein-Westfalen</subfield><subfield code="d">[Düsseldorf], 1947-</subfield><subfield code="9">HT001336893</subfield></datafield><datafield tag="776" ind1="-" ind2="1"><subfield code="i">Druckausg.</subfield><subfield code="a">Nordrhein-Westfalen</subfield><subfield code="t">Haushaltsplan / Haushaltsgesetz / Nordrhein-Westfalen</subfield><subfield code="d">Düsseldorf, 1952-</subfield><subfield code="9">HT002930919</subfield></datafield><datafield tag="776" ind1="-" ind2="1"><subfield code="i">CD-ROM-Ausg.</subfield><subfield code="a">Nordrhein-Westfalen</subfield><subfield code="t">Haushaltsplan / Nordrhein-Westfalen</subfield><subfield code="d">Düsseldorf : Ministerium der Finanzen des Landes Nordrhein-Westfalen, 1998-</subfield><subfield code="h">CD-ROM</subfield><subfield code="9">HT009325565</subfield></datafield><datafield tag="902" ind1="-" ind2="1"><subfield code="g">Nordrhein-Westfalen</subfield><subfield code="9">(DE-588)4042570-8</subfield></datafield><datafield tag="902" ind1="-" ind2="1"><subfield code="s">Öffentlicher Haushalt</subfield><subfield code="9">(DE-588)4043173-3</subfield></datafield><datafield tag="902" ind1="-" ind2="1"><subfield code="f">Online-Ressource</subfield></datafield><controlfield tag="SYS">013455509</controlfield><datafield tag="LOW" ind1="-" ind2="1"><subfield code="a">K0</subfield></datafield><datafield tag="LOW" ind1="-" ind2="1"><subfield code="a">K0001</subfield></datafield><datafield tag="LOW" ind1="-" ind2="1"><subfield code="a">A5</subfield></datafield><datafield tag="LOW" ind1="-" ind2="1"><subfield code="a">B5</subfield></datafield><datafield tag="LOW" ind1="-" ind2="1"><subfield code="a">C5</subfield></datafield><datafield tag="LOW" ind1="-" ind2="1"><subfield code="a">D0</subfield></datafield><datafield tag="LOW" ind1="-" ind2="1"><subfield code="a">E0</subfield></datafield><datafield tag="LOW" ind1="-" ind2="1"><subfield code="a">F0</subfield></datafield><datafield tag="LOW" ind1="-" ind2="1"><subfield code="a">G5</subfield></datafield><datafield tag="LOW" ind1="-" ind2="1"><subfield code="a">H7</subfield></datafield><datafield tag="LOW" ind1="-" ind2="1"><subfield code="a">K7</subfield></datafield><datafield tag="LOW" ind1="-" ind2="1"><subfield code="a">KD</subfield></datafield><datafield tag="LOW" ind1="-" ind2="1"><subfield code="a">KH</subfield></datafield><datafield tag="LOW" ind1="-" ind2="1"><subfield code="a">KM</subfield></datafield><datafield tag="LOW" ind1="-" ind2="1"><subfield code="a">L0</subfield></datafield><datafield tag="LOW" ind1="-" ind2="1"><subfield code="a">L5</subfield></datafield><datafield tag="LOW" ind1="-" ind2="1"><subfield code="a">M0</subfield></datafield><datafield tag="LOW" ind1="-" ind2="1"><subfield code="a">N5</subfield></datafield><datafield tag="LOW" ind1="-" ind2="1"><subfield code="a">P0001</subfield></datafield><datafield tag="LOW" ind1="-" ind2="1"><subfield code="a">R0</subfield></datafield><datafield tag="LOW" ind1="-" ind2="1"><subfield code="a">R1</subfield></datafield><datafield tag="LOW" ind1="-" ind2="1"><subfield code="a">R2</subfield></datafield><datafield tag="LOW" ind1="-" ind2="1"><subfield code="a">R3</subfield></datafield><datafield tag="LOW" ind1="-" ind2="1"><subfield code="a">RL</subfield></datafield><datafield tag="LOW" ind1="-" ind2="1"><subfield code="a">T0011</subfield></datafield><datafield tag="LOW" ind1="-" ind2="1"><subfield code="a">T0012</subfield></datafield><datafield tag="LOW" ind1="-" ind2="1"><subfield code="a">V0</subfield></datafield><datafield tag="LOW" ind1="-" ind2="1"><subfield code="a">X0</subfield></datafield><datafield tag="LOW" ind1="-" ind2="1"><subfield code="a">X5</subfield></datafield><datafield tag="LOW" ind1="-" ind2="1"><subfield code="a">X7</subfield></datafield><datafield tag="GKZ" ind1="-" ind2="1"><subfield code="a">KF</subfield></datafield><datafield tag="GKZ" ind1="-" ind2="1"><subfield code="a">KF</subfield></datafield><datafield tag="952" ind1="-" ind2="1"><subfield code="g">Nord-Westphalie</subfield></datafield><datafield tag="952" ind1="-" ind2="1"><subfield code="g">Norte-Westfalia</subfield></datafield><datafield tag="952" ind1="-" ind2="1"><subfield code="g">NRW</subfield></datafield><datafield tag="952" ind1="-" ind2="1"><subfield code="g">North Rhine-Westphalia</subfield></datafield><datafield tag="952" ind1="-" ind2="1"><subfield code="g">NW</subfield></datafield><datafield tag="952" ind1="-" ind2="1"><subfield code="g">Noordrijn-Westfalen</subfield></datafield><datafield tag="952" ind1="-" ind2="1"><subfield code="g">North-Rhine/Westphalia</subfield></datafield><datafield tag="952" ind1="-" ind2="1"><subfield code="g">Land Nordrhein-Westfalen</subfield></datafield><datafield tag="952" ind1="-" ind2="1"><subfield code="s">Etat</subfield><subfield code="h">Öffentlicher Sektor</subfield></datafield><datafield tag="952" ind1="-" ind2="1"><subfield code="s">Haushalt</subfield><subfield code="h">Öffentlicher Sektor</subfield></datafield><datafield tag="952" ind1="-" ind2="1"><subfield code="s">Staatshaushalt</subfield></datafield><datafield tag="952" ind1="-" ind2="1"><subfield code="s">Finanzhaushalt</subfield></datafield><datafield tag="LOW" ind1="-" ind2="1"><subfield code="a">A5001</subfield></datafield><datafield tag="LOW" ind1="-" ind2="1"><subfield code="a">N5001</subfield></datafield><datafield tag="LOW" ind1="-" ind2="1"><subfield code="a">L5001</subfield></datafield><datafield tag="088" ind1=" " ind2=" "><subfield code="a">38</subfield></datafield><datafield tag="088" ind1=" " ind2=" "><subfield code="a">466</subfield></datafield><datafield tag="088" ind1=" " ind2=" "><subfield code="a">385</subfield></datafield><datafield tag="088" ind1=" " ind2=" "><subfield code="a">Tr 5</subfield></datafield><datafield tag="088" ind1=" " ind2=" "><subfield code="a">A 96</subfield></datafield><datafield tag="088" ind1=" " ind2=" "><subfield code="a">829</subfield></datafield><datafield tag="088" ind1=" " ind2=" "><subfield code="a">743</subfield></datafield></record></metadata></record></ListRecords></OAI-PMH>